3175 5425
1678 1018 1846 1130 iv,

912 1381 1127 1470 Quod
1210 1401 1439 1458 autem
1518 1386 2152 1464 Grammaticorum
2237 1390 2409 1464 loci
2459 1391 2795 1460 hactenus

706 1500 970 1560 tractati
1036 1492 1406 1560 admodum
1461 1490 1817 1580 probabile
1867 1496 2186 1582 reddunt,
2239 1483 2312 1560 id
2351 1500 2566 1584 magis
2615 1520 2796 1564 con-

708 1594 990 1661 firmant
1053 1593 1248 1684 ipsis
1289 1593 1598 1660 Lucretii
1655 1594 2018 1662 codicibus
2071 1602 2400 1683 impressa
2476 1597 2792 1688 vestigia,

705 1719 879 1785 quae
924 1697 1350 1762 membranas
1392 1694 1549 1760 illas
1599 1718 1637 1760 e
1683 1695 1889 1765 variis
1933 1708 2003 1762 et
2047 1697 2256 1782 longe
2305 1695 2591 1762 diuersis
2630 1697 2793 1764 fon-

702 1797 891 1890 tibus
946 1803 1273 1881 manasse,
1306 1801 1381 1864 'et
1427 1797 1585 1861 licet
1631 1797 2040 1886 plerumque
2083 1796 2544 1885 posteriorem
2579 1819 2786 1863 eam-
2873 1797 2882 1806 '

704 1920 838 2004 que
888 1911 1279 1988 corruptam
1346 1897 1815 1966 recensionem
1868 1898 2066 1964 nobis
2115 1896 2506 1982 exhibeant,
2571 1895 2790 1964 inter-

705 1991 877 2068 ᾶιιιιι
935 2012 1166 2068 tamen
1227 1999 1485 2112 prioris
1547 1998 1757 2068 etiam
1807 2001 2122 2068 editionis
2179 2021 2217 2065 a
2257 1995 2589 2063 Lucretio
2637 2002 2792 2086 ipso

699 2101 1049 2191 profectae
1112 2100 1321 2178 verba
1382 2088 1588 2168 simul
1640 2109 1800 2166 c'um
1851 2098 2228 2168 serioribus
2295 2097 2796 2166 mutationibus

702 2222 1009 2270 seruasse
1066 2203 1225 2290 satis
1284 2193 1670 2269 luculenter
1707 2223 1866 2270 meo
1919 2201 2200 2290 quidem
2247 2201 2500 2266 iudicio
2546 2212 2794 2266 osten-

700 2305 893 2370 dunt.
993 2303 1133 2371 Tot
1179 2285 1363 2370 >enim
1430 2316 1495 2368 et
1543 2314 1770 2370 tantae
1816 2310 1892 2371 in
1939 2302 2026 2368 iis
2069 2301 2528 2368 inueniuntur
2575 2301 2795 2368 omis-

696 2403 919 2472 aiones
984 2418 1052 2473 et
1105 2404 1688 2503 transpositiones,
1740 2427 1912 2494 quae
1955 2425 2161 2494 supra
2221 2425 2260 2470 a
2307 2425 2422 2472 me
2471 2401 2654 2470 dicta
2701 2403 2794 2474 de<

694 2505 933 2575 alienis
968 2508 1439 2576 additamentis
1471 2508 1539 2571 et
1584 2503 1916 2596 singulari
1954 2505 2249 2591 quadam
2292 2504 2791 2570 sententiarum

694 2609 813 2678 vel
854 2609 1254 2676 confusione
1291 2608 1405 2676 vel
1448 2607 1710 2673 laxiore
1753 2594 2180 2680 connexione
2217 2604 2624 2673 confirmare
2667 2604 2789 2674 vi·-

698 2711 1009 2801 deantur‚
1084 2722 1151 2776 et
1216 2722 1358 2775 tam
1411 2713 1630 2773 mirae
1683 2707 1988 2774 lectionis
2045 2714 2430 2793 varietates„
2463 2730 2784 2797 quarum

694 2813 895 2906 origo
952 2815 1247 2881 diuinari
1300 2824 1618 2897 nequeat,
1676 2822 1752 2878 vt
1801 2810 1972 2877 haec
2010 2818 2236 2876 omnia
2287 2806 2327 2875 a
2371 2805 2672 2879 librariis
2713 2820 2782 2875 et

696 2914 1155 3003 grammaticis
1182 2911 1296 2979 vel
1333 2907 1736 2997 vulgaribus
1769 2910 1909 2979 illis
1945 2910 2570 3005 interpolator-ibus,
2615 2932 2777 3000 quos

695 3014 841 3085 fele
886 3038 1123 3083 omnes
1167 3026 1481 3086 veterum
1528 3012 1898 3109 scriptores
1940 3009 2219 3103 experti
2257 3023 2440 3098 sunt,
2493 3014 2784 3085 admissa

698 3131 817 3187 aut
858 3104 1159 3185 factitata
1201 3116 1451 3187 habere
1488 3137 1704 3203 paene
1739 3121 2182 3186 temerarium
2222 3114 2529 3185 dixerim.
2579 3106 2785 3199 Quae

698 3241 918 3309 quum
961 3218 1298 3309 exemplis
1349 3215 1749 3287 stabilienda
1805 3224 1966 3303 sint,
2014 3238 2051 3282 e
2087 3214 2249 3283 satis
2291 3238 2538 3302 magna
2585 3224 2786 3305 copia

672 3318 1069 3439 'loc-orum,
1105 3344 1275 3409 quos
1315 3317 1431 3383 hic
1487 3318 1753 3385 adferre
1817 3318 2096 3409 possim,
2162 3317 2536 3386 nonnullos
2575 3331 2782 3403 certe,

696 3423 822 3515 qu'i
882 3413 1173 3491 maximi
1234 3428 1567 3495 momenti
1621 3442 1759 3485 esse
1798 3420 2191 3503 videantur,
2238 3441 2780 3489 commemorare

694 3526 923 3597 liceat.
1035 3524 1129 3589 Et
1171 3528 1478 3614 primum
1542 3521 1836 3611 quidem
1891 3522 2075 3611 quod
2127 3540 2358 3595 versus
2421 3530 2662 3587 attinet
2701 3530 2780 3589 in

696 3626 1024 3720 plurimis
1061 3624 1175 3694 vel
1216 3622 1573 3693 nonnullis.
1627 3634 1809 3689 certe
1847 3622 2208 3691 codicibus
2267 3628 2585 3711 omissos,
2627 3646 2777 3690 non

576 3728 589 3745 “
694 3736 834 3799 iam
876 3730 1027 3796 dico
1070 3724 1153 3801 de
1196 3726 1336 3797 illis
1382 3723 1573 3816 lucie,
1616 3723 1732 3793 vbi
1764 3726 2000 3812 longas
2013 3724 2347 3793 'versuum
2393 3725 2628 3817 series5
2665 3724 2781 3794 vel

698 3830 1006 3921 singulos
1036 3852 1270 3900 versus
1302 3826 1389 3893 ad
1421 3846 1693 3892 sensum
1729 3818 2032 3897 maxime
2052 3834 2457 3893 necessarios
2491 3846 2617 3893 nec
2635 3828 2780 3892 Lu·

698 3933 913 4004 cretio
932 3932 1248 4023 indignos
1266 3928 1710 4003 librariorum
1729 3928 1996 3999 incuria
2024 3936 2302 3997 omissos
2332 3928 2777 4019 videmusw),

696 4068 1057 4100 -t--n--n

774 4145 865 4215 ⁵⁵)
916 4148 1009 4199 Sic
1058 4167 1111 4203 v.
1174 4166 1221 4200 c.
1270 4150 1335 4207 L.
1379 4148 1421 4199 1.
1469 4104 1520 4208 vl
1556 4116 1904 4214 735—789s1u
1943 4147 2117 4204 codd.
2153 4146 2404 4215 Gottorp.
2439 4152 2492 4201 ei
2526 4149 2681 4200 voss.
2715 4145 2784 4197 11.

872 4230 1088 4305 prorsus
1128 4235 1513 4304 desiderantur,
1546 4250 1604 4289 et
1639 4239 1698 4295 in
1733 4235 1924 4289 eodem
1957 4238 2112 4296 Voss.
2141 4234 2213 4289 11.
2235 4238 2404 4314 ⁸etiam
2451 4236 2494 4302 Ι,
2529 4234 2787 4297 ’Ἀθ-786.

880 4338 899 4369 Ι
2157 4326 2162 4331 .
