3175 5425
825 744 841 764 κ
835 699 1048 776 iecti.

871 424 962 492 68
1728 378 2413 492 .-ζ

869 604 1082 678 codd.
1139 594 1363 674 versui
1427 603 1591 674 800.
1635 603 1777 674 iam
1828 600 1907 672 in
1966 603 2305 697 superiori
2353 605 2543 674 loco
2560 601 2783 698 posito
2830 612 2944 682 ad-

1065 806 1252 872 Inter
1267 805 1450 869 locos
1464 801 1551 870 ob
1571 824 1850 876 sensum
1868 809 2069 876 valde
2086 793 2426 900 suspectos
2455 809 2809 883 retulerim
2844 821 2945 876 et-

782 933 788 936 *
863 914 1006 979 iam
1017 901 1388 977 eiusdeml.
1403 904 1528 970 IV.
1546 930 1610 979 V.
1628 896 1795 997 955.
1819 913 1993 1000 934.
2007 903 2124 1000 qui
2160 933 2294 975 non
2313 909 2523 976 huius
2556 911 2773 978 solum
2796 909 2947 977 loci

868 1005 1411 1123 argument03sed
1431 1005 1552 1073 alii
1568 1016 1769 1078 etiam
1784 1013 1976 1100 Luc)
1980 1014 2095 1083 etii
2110 1013 2263 1079 loco
2280 1013 2460 1078 clare
2478 1013 2944 1104 aduersantur;

865 1107 1159 1200 Auctor
1172 1108 1362 1174 enim
1400 1132 1629 1182 causas
1669 1114 1894 1181 somni
1926 1137 2303 1204 exponens,
2356 1103 2467 1208 eas
2495 1119 2568 1180 in
2600 1113 2779 1180 auris
2796 1109 2944 1178 sibi

841 1212 1212 1301 'inuenisse
1229 1201 1410 1277 visus
1429 1223 1550 1294 est,
1566 1234 1736 1299 quae
1754 1224 2007 1306 partim
2022 1203 2717 1302 extrinsecu5,partim
2732 1219 2947 1308 respi-

834 1305 846 1314 ⁶
869 1315 1090 1384 raudo
1113 1311 1506 1398 absorptae
1484 1313 1899 1384 mtrinseeus
1916 1311 2117 1395 etiam
2145 1339 2391 1402 corpus
2406 1319 2486 1381 ad
2494 1315 2725 1382 ficlant
2740 1328 2803 1382 et
2831 1315 2947 1380 de·

729 1460 733 1471 ·
835 1407 1006 1484 ‘bile
1029 1413 1338 1498 reddant,
1352 1402 1447 1478 ita
1477 1425 1552 1480 vt
1575 1415 1801 1486 somni
1832 1418 2171 1506 appetitus
2202 1409 2566 1482 necessario
2601 1427 2945 1504 sequatur.

865 1509 1010 1588 Iam
1055 1535 1215 1596 vero
1270 1535 1441 1577 num
1495 1515 1828 1584 credibile
1870 1530 1988 1606 est,
2042 1509 2451 1583 Lucretium-
2498 1516 2807 1586 versibus
2858 1509 2955 1584 il-

785 1614 946 1689 lis
998 1617 1083 1680 de
1129 1607 1552 1700 tutamentiS,
1590 1617 1839 1704 quibus
1878 1629 2130 1714 natura
2168 1615 2490 1686 animalia
2523 1630 2759 1684 contra
2796 1615 2960 1690 vim.

863 1739 1191 1785 aurarum
1255 1705 1689 1798 instruxerit,
1747 1731 2233 1806 argumentum
2292 1741 2495 1784 suum
2535 1711 2772 1805 ipsum
2808 1716 2953 1782 im-

855 1817 1194 1886 minuisse
1244 1827 1346 1880 et
1360 1837 1450 1880 ex
1495 1830 1689 1906 parte
1741 1840 1986 1889 rursus
2028 1809 2431 1890 sustulisse?
2536 1817 2669 1883 Sed
2716 1814 2951 1882 refra-

812 1931 1112 2022 gantur
1162 1917 1234 1982 hi
1295 1938 1531 1984 versus
1590 1920 1833 2008 longae
1912 1912 2123 1988 etiam
2192 1917 2631 2008 disputationi
2690 1910 2798 1984 illi
2842 1941 2947 1989 v.

859 2023 1029 2092 821.
1081 2044 1160 2085 SS.
1145 2067 1186 2106 .,
1239 2039 1370 2106 qua
1400 2019 1768 2088 Lucretius
1805 2023 2138 2090 euincere
2170 2023 2419 2103 studet,
2471 2021 2747 2085 nullum
2791 2041 2971 2084 eor-'-

851 2123 1072 2234 poris]
1091 2119 1506 2205 membrum,
1551 2121 1731 2188 nihil
1782 2124 2067 2190 omnino
2110 2122 2188 2186 in
2238 2121 2433 2196 omni
2472 2131 2740 2204 natura,
2779 2139 2943 2186 Vsus

859 2225 1058 2290 causa
1103 2234 1168 2286 et
1211 2221 1440 2334 aliquo
1479 2214 1770 2306 consihp
1818 2245 1957 2290 esse
2018 2231 2482 2310 prodreatum,
2542 2221 2687 2286 imo
2741 2237 2947 2287 Vsum

857 2315 1143 2392 demum
1193 2307 1554 2390 fortuitam
1626 2346 1864 2392 relum
1918 2317 2259 2414 originem
2323 2334 2687 2412 sequutum
2752 2333 2819 2386 et
2857 2341 2943 2388 ex

862 2451 944 2492 ea
979 2427 1127 2544 ipsa
1169 2423 1542 2490 deductum
1587 2445 1765 2510 esse,
1816 2421 2237 2531 quibuscum
2260 2423 2603 2510 quomodo
2646 2423 2829 2489 haeo-
2852 2424 2940 2488 de

861 2528 1090 2610 coriIS,
1136 2521 1414 2589 conchis
1457 2537 1526 2590 et
1555 2519 1919 2592 corticibus
1962 2517 2363 2595 animalium
2397 2515 2748 2602 conciliari
2784 2545 2940 2614 pos-

861 2619 1016 2712 sint,
1074 2625 1386 2713 equidem
1449 2649 1588 2692 non
1634 2619 1993 2715 perspicio.
2097 2626 2415 2713 Denique
2483 2625 2633 2715 ipsa
2680 2625 2941 2692 horum

860 2750 1184 2810 versuum
1227 2718 1630 2815 compositio
1677 2738 1745 2793 et
1792 2750 1952 2793 cum
1984 2724 2225 2807 ceteris
2270 2721 2661 2801 coniunctio
2706 2728 2799 2796 ita
2834 2740 2943 2793 est

859 2839 1272 2923 comparata,
1330 2837 1404 2893 vt
1457 2824 1744 2905 νοθείας
1800 2829 2076 2921 signum
2130 2826 2209 2899 in
2250 2829 2477 2898 fronte
2504 2822 2742 2923 2quasi
2812 2851 2938 2913 ex-

857 2949 1172 3020 pressum
1213 2944 1474 3019 gerere
1489 2931 1875 2997 videantur.

1059 3027 1437 3095 Nonnullis
1491 3028 1659 3105 libri
1708 3024 1804 3105 V.
1878 3026 2080 3114 locis,
2136 3054 2307 3125 ,quos
2348 3028 2615 3098 adferre
2652 3028 2960 3143 possim,

856 3156 946 3200 ne
998 3131 1208 3197 nimis
1265 3127 1728 3221 amplificetur
1770 3127 1972 3227 huius
2011 3127 2231 3211 libelli
2274 3130 2645 3219 ambitam,
2655 3126 2937 3202 silentio

855 3212 1371 3350 praetermissis,
1409 3256 1627 3301 vnum
1682 3248 1863 3301 certe
1910 3254 1989 3302 ‘e‘-
2014 3236 2194 3302 libro
2238 3234 2363 3302 VI.
2419 3235 2667 3305 addere
2708 3232 2940 3319 liceat,

853 3338 931 3402 in
983 3334 1176 3401 cuius
1219 3322 1446 3402 statim
1489 3335 1777 3403 exoxdio
1824 3336 2023 3404 inde
2028 3360 2068 3403 a
2107 3361 2171 3405 v.
2222 3335 2333 3405 42·
2376 3356 2583 3423 quam
2624 3334 2938 3401 maxime

749 3473 790 3515 g
847 3437 1281 3513 offendimus.
1308 3435 1530 3501 Νοιι
1542 3444 1723 3504 enim
1760 3435 2195 3529 repetitiones
2244 3448 2533 3523 tantum,
2584 3434 2757 3503 huic.
2770 3436 2934 3507 loco

853 3542 1042 3630 larga
1092 3533 1312 3605 manu
1375 3515 1783 3653 adspersae,
1812 3561 2105 3627 quarum
2169 3540 2361 3629 duas,
2430 3560 2497 3605 v.
2550 3537 2815 3609 55·65.
2860 3550 2935 3604 et

817 3666 920 3712 ψ.
967 3638 1090 3709 86·
1065 3662 1214 3727 ··90.
1263 3639 1688 3729 conspicuas,
1736 3664 1944 3733 supra
1972 3641 2115 3709 iam
2164 3645 2607 3709 tractauimus
2676 3662 2747 3729 p.
2804 3638 2929 3706 52.

813 3754 913 3821 get
981 3742 1100 3820 55,
1163 3739 1440 3807 tertiam
1519 3763 1683 3808 vero
1777 3764 1845 3809 v.
1935 3744 2180 3814 54-40.
2274 3750 2699 3826 contentam,
2774 3720 2931 3833 (qui

854 3839 1059 3905 etiam
1122 3840 1208 3922 II,
1271 3842 1394 3910 54-
1398 3841 1514 3911 60.
1569 3852 1639 3907 et
1705 3840 1825 3929 III,
1900 3844 2151 3935 87-95.
2208 3836 2589 3933 leguntur‚)
2638 3840 2931 3931 fmtasse

763 3974 768 3979 ·
849 3965 990 4008 non
1053 3935 1307 4007 minori
1358 3944 1510 4035 iure
1543 3890 2007 4034 reiecerimus,
2064 3947 2141 4013 in
2194 3939 2387 4011 omni
2442 3942 2576 4009 hoc
2626 3940 2913 4033 exordio·-

843 4042 1180 4110 maximas
1212 4040 1442 4111 turbas
1485 4036 1805 4113 excitatos
1848 4069 1986 4115 esse
2015 4046 2343 4137 produnt,
2384 4044 2503 4109 sed
2525 4040 2666 4109 alia
2704 4038 2907 4112 etiam
3010 4073 3020 4085 ‘

831 4154 1124 4242 restam,
1194 4166 1364 4233 quse
1419 4148 1884 4237 suspicionem
1916 4146 2114 4217 illam
2152 4142 2583 4237 ‘probabilem
2620 4141 2910 4213 reddere

2254 4275 2265 4295 4
2323 4248 2351 4279 d

2353 4360 2376 4398 l
