3175 5425
59 2 120 423 *v*

917 498 1016 570 56

1541 640 1560 665 Ι

1127 686 1235 756 Sic
1285 688 1521 781 ‘igiturj
1598 696 1674 751 vt
1716 676 2027 777 ipsorum
2075 688 2388 753 locorum
2407 681 2734 757 'ordinem
2769 710 3008 776 nequa-

928 814 1112 873 mur,
1153 816 1219 861 v.
1247 815 1302 857 c.
1333 811 1567 859 versus
1600 788 1707 853 illi
1740 790 1822 865 de
1860 788 2061 879 patrii
2095 782 2427 857 sermonis
2464 802 2779 878 egestate,
2833 816 3007 880 quae

933 892 1236 959 Graecae
1282 888 1760 979 philosophiae.
1802 884 2297 979 expositionem
2348 888 2821 957 difficillimam
2852 894 3010 957 red-

872 1015 876 1023 ’
933 994 1074 1082 dat,
1133 992 1184 1068 1.
1241 992 1294 1063 I.
1345 1014 1404 1061 v.
1463 987 1828 1079 157-146.,
1884 992 2109 1059 alieno
2174 994 2327 1059 loco
2371 992 2591 1083 *positi
2662 995 3009 1079 videntur,
3104 1058 3106 1085 ;

833 1160 840 1166 ,
932 1116 1150 1183 quum
1194 1115 1262 1165 v.
1325 1092 1489 1180 147.
1536 1092 1912 1160 arctissime
1951 1093 2305 1162 cohaereat
2326 1117 2489 1159 ‘cum
2526 1114 2589 1161 v.
2630 1094 2793 1165 136.
2824 1106 2889 1158 et
2931 1092 3011 1159 iu
3104 1126 3106 1175 i

927 1193 1120 1261 omni
1151 1194 1302 1259 loco
1331 1192 1672 1281 superiori
1697 1217 1917 1278 sermo
1950 1195 2160 1263 fuerit
2180 1197 2263 1261 de
2298 1196 2495 1281 vulgi
2525 1196 3015 1283 superstitione

928 1307 998 1361 et
1023 1286 1338 1384 religioso
1368 1292 1687 1381 inprimis
1716 1303 1859 1361 orci
1903 1308 1968 1360 et
2004 1307 2431 1386 spectrorum
2460 1314 2677 1384 mem,
2725 1310 3017 1363 naturae
3104 1338 3106 1357 .

926 1409 1110 1466 recta
1159 1394 1721 1485 contemplatione
1784 1408 1848 1462 et
1898 1395 2183 1461 rationis
2248 1414 2371 1460 vsu
2432 1396 2715 1483 'penitus
2744 1406 2756 1487 ζ
2790 1400 3016 1487 repri-

925 1496 1208 1582 mendo,
1275 1516 1446 1583 quae
1497 1503 1780 1586 auctori,
1829 1500 1955 1573 ,ad
1984 1495 2254 1585 singula
2314 1495 2793 1585 philosophiae
2845 1522 3015 1565 suae
3106 1532 3108 1569 2

925 1607 1288 1689 praecepta
1319 1596 1716 1675 transitum,
1760 1610 1986 1687 aptam
2020 1596 2384 1687 praebeant
2413 1603 2831 1663 occasionem
2862 1624 2953 1687 px
2960 1626 3017 1665 1·-
3106 1596 3108 1601 ’

923 1720 1124 1763 :mum
1153 1694 1522 1789 placitum,
1546 1698 1807 1763 nullam
1837 1720 1985 1765 rem
2006 1700 2291 1763 deorum
2322 1720 2449 1797 ope
2470 1720 2559 1761 ex
2587 1694 2807 1760 nihilo
2842 1721 3019 1765 exo-

927 1790 1079 1884 riri,
1137 1804 1360 1863 statim
1414 1798 1833 1865 adnectendi.
1938 1798 2194 1889 Quam
2210 1797 2689 1884 intempestiue
2732 1816 2893 1863 vero
2941 1813 3019 1863 et

926 1898 1161 1988 inepte
1189 1898 1298 1964 his
1335 1894 1727 1969 inserantm
1768 1924 2002 1968 versus
2036 1899 2163 1984 illi,
2206 1890 2448 1987 quibus
2476 1908 2711 1963 auctor
2738 1896 2820 1961 de
2852 1920 3017 1963 ver-

924 2001 1211 2066 naculae
1251 1991 1531 2088 linguae¹
1553 2014 1841 2087 egestate
1872 2002 2089 2074 multa
2120 2000 2455 2089 queritur,
2494 2020 2700 2064 nemo
2729 2018 2868 2061 non
2904 2004 3012 2094 vi-

928 2102 1065 2185 det,
1115 2100 1433 2191 inprimis
1469 2111 1586 2191 qui
1616 2111 1948 2171 rationem
1977 2102 2317 2185 obseruas,
2363 2123 2495 2187 qua
2523 2098 2825 2186 singulae
2849 2120 3015 2172 ,sen-

927 2202 1186 2268 tentiae
1216 2202 1396 2270 inter
1429 2226 1498 2269 se
1531 2218 1689 2270 sunt
1718 2228 1935 2269 nexae
1972 2215 2041 2267 et
2072 2201 2469 2267 coniunctae
2503 2198 2598 2291 (v.
2636 2200 2798 2289 137.
2844 2200 3011 2267 Nee

817 2284 821 2291 .
922 2326 1038 2370 me
1056 2304 1266 2369 animi
1251 2303 1497 2370 fallit·
1482 2328 1583 2391 ,·V
1613 2304 1774 2393 147.
1797 2303 2261 2401 Huncigitur
2292 2313 2621 2367 terrorem
2656 2306 2812 2380 etc.)
2838 2298 3012 2364 For-

925 2414 1099 2470 tasse
1119 2405 1259 2469 sola
1291 2404 1412 2470 illa
1426 2428 1564 2473 vox
1587 2401 1906 2475 tenebras
1927 2404 2268 2470 insulsum
2292 2398 2845 2491 interpolatorem
2864 2425 3010 2467 mo-

922 2504 1056 2591 uit,
1072 2516 1169 2587 vt,
1187 2528 1400 2591 quum
1420 2504 1592 2595 inp1
1594 2505 1852 2572 ioribus
1871 2508 1951 2572 de
1966 2518 2223 2570 terrore
2240 2502 2543 2591 quidem,
2561 2526 2700 2569 non
2730 2525 2889 2571 vero
2922 2504 3008 2567 do

925 2606 1223 2670 tenebris
1266 2605 1603 2695 rebusque
1658 2608 1961 2673 obscuris
2012 2587 2396 2673 ‘sermonem
2448 2604 2655 2671 fuisse
2714 2604 3005 2689 videret,

923 2704 1042 2775 hio
1081 2707 1330 2794 aliquid
1376 2708 1602 2772 deesse
1650 2720 1862 2796 raim,
1918 2708 2067 2775 illos
2101 2727 2362 2794 versuS,
2416 2729 2712 2796 quorum
2744 2719 3006 2796 postre-

921 2811 1078 2876 n'aos
1111 2805 1275 2874 huic
1303 2808 1510 2877 verbo
1541 2822 1694 2900 apte
1739 2801 2151 2898 respondere
2184 2821 2507 2893 censeret,
2548 2830 2641 2875 ex
2669 2809 2807 2874 alio
2850 2809 3002 2874 loco

923 2907 1070 2977 huc
1111 2907 1411 2996 inferret.
1506 2909 1667 3000 ..lam
1718 2933 1881 2979 vero
1925 2917 1981 2978 si
2018 2918 2167 3000 quis
2210 2931 2303 2976 ex
2332 2932 2445 2976 me
2479 2921 2780 2999 quaerat,
2821 2917 3007 2998 quis-

919 3033 1085 3080 nam
1128 3011 1226 3078 sit
1263 3011 1438 3083 alter
1467 3011 1582 3080 ille
1616 3011 1838 3098 loom,
1884 3033 1921 3078 e
1953 3035 2087 3103 quo
2118 3013 2244 3079 hos
2282 3033 2515 3082 versus
2545 3011 2681 3078 huc
2726 3011 3003 3078 transla-

767 3097 774 3104 ⁹
839 3103 846 3124 ¹
918 3121 1031 3180 tos
1058 3124 1326 3202 putem,
1365 3112 1776 3202 respondeo,
1803 3126 1958 3206 post
1986 3137 2051 3184 v.
2082 3113 2202 3190 56.
2240 3112 2668 3202 aptissimum
2696 3111 2873 3188 mihi
2907 3111 3007 3182 vi-

927 3215 1075 3280 deri
1106 3215 1363 3300 locum,
1421 3238 1625 3304 quem
1658 3215 1829 3282 olim
1864 3238 1975 3282 eos
2008 3209 2375 3281 obtinuisse
2418 3213 2733 3306 arbitrer,
2796 3215 2891 3281 ita
2920 3225 3000 3282 Vt

840 3355 844 3362 ·
923 3323 1130 3381 etiam
1172 3316 1424 3404 placito
1472 3317 1597 3384 illo
1642 3319 1725 3382 de
1775 3319 2063 3382 deorum
2093 3328 2338 3382 natura
2384 3338 2419 3382 e
2452 3317 2628 3382 libro
2658 3317 2737 3382 11.
2773 3315 2997 3406 inepte

920 3417 1026 3482 ibi
1057 3415 1344 3508 repetito
1376 3415 1545 3508 (vid.
1587 3441 1662 3511 Ρ.
1681 3421 1771 3489 55
1782 3418 2031 3506 .)iusto
2064 3437 2186 3482 suo
2216 3438 2374 3483 cum
2408 3417 2647 3485 ceteris
2681 3437 2995 3484 connexu

919 3515 1096 3585 moti
1132 3515 1365 3584 haberi
1405 3518 1689 3606 possint.
1740 3519 1854 3584 Sic
1883 3526 2067 3584 euim
2096 3522 2323 3584 omnia
2354 3519 2603 3584 melius
2641 3517 2999 3585 cohaerere

920 3619 1286 3709 videnturf,
1359 3619 1699 3706 siquidem
1749 3620 1940 3690 varia
1991 3610 2265 3686 nomina
2304 3612 2848 3709 primordiorum
2876 3643 2997 3686 seu

907 3713 1308 3790 'atomorum
1339 3745 1404 3790 v.
1444 3719 1697 3790 55-56.
1728 3729 1946 3820 posita
1979 3719 2304 3788 facillime
2333 3715 2655 3788 inducere
2684 3735 2997 3814 poterant

917 3828 996 3888 in
1042 3823 1462 3889 sententiam'
1498 3823 1580 3888 de
1626 3837 1914 3910 egestate
1956 3824 2251 3914 linguae,
2312 3847 2484 3911 quae
2513 3847 2786 3890 omnem
2821 3823 2997 3888 hanc

919 3923 1441 4020 disputationem
1463 3925 1829 3992 admodum
1849 3925 2197 3992 difficilem
2229 3925 2466 3991 reddat
2486 3926 2582 4013 (v.
2612 3945 2643 3994 1
2659 3927 2832 4013 37-1
2851 3925 2993 4004 46).

915 4021 1111 4087 Haec
1147 4037 1374 4091 autem
1409 4027 1492 4091 de
1523 4050 1647 4094 suo
1670 4028 1951 4094 consilio
1974 4039 2042 4092 et
2062 4021 2453 4092 difficultate
2484 4027 2555 4091 id
2580 4023 2999 4114 exsequendi

913 4123 1224 4189 modeste
1251 4115 1619 4214 praefatuS,
1664 4127 2068 4218 priusquam
2106 4127 2386 4216 Epicuri
2429 4127 2671 4216 placita
2699 4125 2843 4219 ipsa
2878 4147 3003 4190 ex·-

913 4241 1164 4317 ponere
1217 4225 1514 4315 incipit‚·
1541 4230 1826 4298 breuem
1860 4229 2322 4300 narrationem
2356 4229 2440 4297 de
2473 4229 2735 4320 origine
2766 4227 3005 4320 philo-
