3175 5425
1809 414 1821 441 e
2459 449 2464 459 Ι
2600 412 2609 443 ι

879 459 977 542 24

865 650 1022 743 sita,
1069 639 1406 738 siquidem
1468 644 1839 716 Lucretius
1889 644 2267 735 superfluas
2308 652 2532 736 potius
2590 658 2968 743 praeposi-

859 762 1078 823 tiones
1121 750 1394 832 addere,
1444 770 1653 837 quam
1696 748 2099 814 necessarias
2140 748 2457 817 omittere
2514 750 2775 839 soleat3
2844 756 2972 820 de·

866 854 1029 923 inde
1089 850 1304 940 magis
1363 850 1568 915 etiam
1653 850 2105 916 dubitandum
2166 864 2267 917 est
2337 851 2421 917 de
2470 854 2804 921 vocabulo
2830 849 2984 955 fa-

875 955 1032 1035 teri,
1100 953 1277 1039 quod
1347 951 1666 1036 equidem
1716 974 1843 1018 nec
1888 952 2072 1043 apud
2106 952 2539 1039 Lucretium,
2597 980 2722 1021 nec
2774 960 2975 1045 apud

875 1059 1082 1130 alium
1115 1052 1376 1119 bonum
1411 1060 1816 1146 scriptorem
1835 1055 1933 1121 sic
1967 1074 2074 1121 me
2106 1057 2334 1142 legere
2360 1055 2672 1147 memini,
2706 1070 2776 1124 vt
2810 1065 2980 1123 sim-

874 1145 1046 1249 plici
1087 1154 1478 1220 accusatiuo
1506 1155 1825 1222 iunctum
1894 1180 2023 1244 pro
2052 1178 2445 1253 agnoscere
2486 1180 2761 1246 verum,
2810 1182 2981 1229 con-

877 1254 1117 1330 cedere
1173 1252 1451 1349 aliquid
1511 1278 1655 1331 esse
1712 1268 2182 1345 vsurparetur,
2240 1280 2447 1343 quare
2507 1259 2676 1327 haec
2729 1263 2975 1351 potius

880 1358 1211 1427 seriorem
1257 1358 1588 1427 Lucretio
1642 1368 1987 1435 auctoiem
2034 1380 2272 1445 εθΡειε
2317 1360 2658 1433 videntur.
2764 1363 2979 1442 Quod

883 1472 1113 1530 autem
1189 1460 1597 1527 vocularum
1670 1458 2100 1546 quarundam
2178 1458 2419 1523 attinet
2496 1457 2981 1549 variationem,
3082 1500 3084 1525 i

883 1564 1020 1631 hoc
1087 1560 1294 1631 etiam
1347 1560 1422 1627 in
1477 1562 1630 1629 loco
1679 1559 1948 1647 factam,
2006 1583 2245 1648 quum,
2294 1582 2467 1647 quae
2528 1562 2783 1648 legitur
2843 1560 2981 1649 VI,

857 1663 1090 1757 926„
1123 1684 1264 1731 vox
1303 1676 1603 1759 propter
1642 1662 1759 1728 hic
1810 1664 1886 1729 in
1934 1662 2226 1750 circum,
2268 1673 2336 1725 et
2384 1682 2558 1748 quae
2610 1684 2817 1728 veisu
2856 1688 2981 1727 se-
3082 1716 3084 1726 .

893 1771 1148 1854 quenti
1187 1756 1262 1829 in
1313 1765 1524 1833 altem
1572 1765 1723 1830 loco
1770 1777 2051 1853 apparet
2108 1761 2406 1835 formula
2472 1762 2749 1841 sonitus
2808 1786 2980 1831 ma·

890 1886 1069 1939 nare
1113 1859 1188 1931 in
1230 1888 1432 1937 voces
1459 1862 1775 1937 volitare
1817 1878 2069 1934 mutata
2100 1864 2216 1953 sit,
2252 1855 2491 1928 illam
2484 1863 2724 1929 seriori
2760 1864 2983 1928 inter-

781 2018 786 2023 ·
893 1969 1194 2059 palatori
1245 1966 1463 2031 tribui
1523 1986 1721 2054 posse
1793 1989 1997 2034 nemo
2072 1965 2367 2067 negabit,
2433 1964 2611 2030 hanc
2652 1986 2813 2030 vero
2856 1968 2985 2051 qui

895 2066 1178 2136 fortasse
1244 2059 1460 2153 magis
1522 2068 2013 2133 Lucretianam
2060 2067 2263 2149 dicat,
2318 2084 2525 2150 quam
2570 2089 2741 2151 quae
2787 2090 2840 2131 a·
2876 2088 2987 2129 se-

843 2222 847 2232 .
897 2168 1076 2235 riori.
1130 2192 1343 2237 manu
1411 2166 1753 2256 proficisci
1823 2168 2145 2254 potuerit,
2221 2165 2334 2228 hic
2398 2188 2666 2231 memor
2714 2175 2798 2234 sit
2841 2166 2981 2231 loci

899 2269 1030 2359 VI,
1097 2274 1271 2361 951.
1370 2268 1736 2355 „Denique
1787 2290 1917 2353 pet
1956 2264 2305 2369 dissaepta
2350 2267 2715 2333 domorum
2776 2290 2985 2333 saxea

781 2402 786 2414 ·
859 2389 1098 2461 ‚Voces
1157 2368 1591 2437 Peruolitant
1673 2368 1874 2451 etc.‚“
1956 2390 2045 2433 ex
2092 2391 2225 2454 quo
2246 2336 2465 2433 hane
2532 2366 2987 2437 mutationem

897 2473 1176 2537 haurire
1250 2460 1688 2534 facillimum'
1740 2480 1900 2533 erat.
2024 2468 2328 2531 Omnino
2402 2478 2626 2531 autem
2702 2469 2985 2549 alterius

900 2571 1042 2639 loci
1081 2570 1157 2635 in
1197 2570 1248 2635 l.
1274 2568 1392 2636 Vl.
1441 2565 1857 2656 coniparatio
1904 2570 2027 2636 alia
2064 2566 2280 2631 'etiam
2336 2568 2598 2635 ratione
2642 2571 2988 2658 suspicio-

899 2687 1064 2740 nem
1117 2680 1418 2738 nostram
1469 2670 1913 2758 comprobare
1955 2668 2263 2756 videtur3
2318 2669 2571 2758 inquo,
2596 2693 2810 2760 quum
2844 2672 2993 2736 Ln-

905 2773 1182 2861 cretius‚
1234 2771 1562 2858 magnetis
1616 2778 1755 2838 vim
1810 2783 1877 2838 et
1917 2783 2228 2837 naturam
2274 2772 2733 2861 exposituruS,
2784 2773 2991 2863 aptis-

905 2883 1074 2945 sime
1129 2872 1520 2964 praemittat
1577 2885 2035 2964 praeceptum*
2078 2873 2259 2938 istud
2316 2877 2398 2940 de
2472 2874 2822 2962 particulis
2892 2899 2987 2939 ex

901 3003 1043 3044 vno
1101 2977 1348 3064 quouis
1406 2969 1694 3063 corpore
1749 2975 2213 3061 effluentibus,
2282 2975 2411 3041 hoc
2450 2975 2544 3041 ita
2598 2999 2755 3040 eum
2794 2977 2987 3045 insti·

903 3079 1122 3145 tuisse
1159 3078 1502 3162 videmusj
1545 3091 1619 3145 vt
1664 3078 1913 3165 placito
1996 3077 2121 3144 illo
2170 3062 2309 3142 iani
2361 3077 2629 3167 prolato
2690 3101 2754 3144 v.
2815 3077 2985 3166 936.

908 3179 1008 3247 sic
1084 3193 1432 3266 pergeret:
1537 3179 1798 3267 „Nunc
1854 3215 1957 3230 --
2012 3173 2339 3272 repetam
2400 3215 2506 3230 ··-·
2565 3201 2985 3246 commemo-

907 3301 1088 3365 rare,
1150 3280 1464 3365 qu'od'in
1503 3285 1729 3376 primo
1782 3301 2049 3370 quoque
2097 3280 2399 3346 carmine
2440 3279 2731 3366 claret;“
2777 3302 2987 3368 quare
3086 3285 3088 3328 ἵ

909 3404 1051 3449 11οη
1119 3380 1263 3444 sine
1331 3380 1483 3444 iure
1547 3381 1796 3468 aliquis
1864 3387 2175 3461 miretur,
2234 3381 2361 3446 cnr
2416 3379 2531 3448 hic
2578 3383 2861 3448 demum
2904 3383 2985 3448 de
3086 3394 3088 3434 ἓ

909 3471 1314 3575 repetitione
1355 3481 1756 3573 dogmatum
1797 3505 2001 3570 supra
2032 3489 2179 3548 ,iam
2226 3482 2703 3572 expositorum
2752 3484 2987 3572 loque-

909 3599 1133 3666 retur,
1184 3577 1339 3648 siet
1375 3583 1550 3647 inud
1587 3581 2031 3672 praeceptum
2070 3585 2154 3657 de
2185 3584 2611 3674 corpusculis
2644 3607 2735 3649 ex
2768 3586 2988 3651 omni-

906 3687 1036 3751 bus
1096 3684 1302 3751 rebus
1348 3685 1819 3750 emanantibus
1875 3703 2080 3774 supra
2140 3693 2279 3753 iam
2333 3689 2564 3752 eadem
2628 3685 2977 3772 diligentia

914 3798 982 3851 et
1022 3787 1243 3874 copi-a,
1282 3797 1482 3872 atque
1508 3784 1748 3852 iisdem
1785 3787 1949 3852 adeo
1976 3785 2228 3876 verbis„
2260 3779 2737 3878 proposuisset.
2792 3788 2972 3870 Quae

919 3887 1152 3954 omnia
1195 3909 1304 3957 me
1354 3899 1660 3974 mouent,
1715 3899 1790 3957 vt
1833 3887 2021 3954 hunc
2070 3891 2273 3957 etiam
2321 3890 2555 3957 locum
2592 3887 2721 3974 IV,
2798 3906 2985 3977 217-

919 3989 1090 4055 230.
1146 4009 1184 4052 a
1254 3989 1496 4082 seriori
1564 4000 1839 4068 auctore
1898 3990 2235 4060 adiectum
2308 3991 2621 4075 arbitrer,
2664 3988 2783 4078 qui
2834 3989 2986 4054 for-

915 4100 1110 4174 tasse,
1155 4110 1369 4178 quum
1412 4111 1469 4157 v.
1527 4091 1675 4162 216
1719 4103 1786 4156 et
1830 4094 1997 4165 251.
2044 4117 2189 4162 non
2245 4089 2417 4158 bene
2456 4090 2818 4158 cohaerere
2864 4113 2991 4180 pu-

846 4253 852 4260 .
896 4202 1112 4278 <taren
1185 4189 1611 4284 aptissimum
1664 4193 2033 4266 transitum
2084 4195 2217 4264 sibi
2272 4195 2616 4265 videretur
2680 4191 2990 4258 facturus
